
@techreport{buildopensuse,
    author		= "OpenSUSE",
    title		= "OpenSUSE Build Server",
    institution	= "OpenSUSE",
    type		= "", 
    number		= "",
    address	= "",
    year		= "2012",
    url			= "http://build.opensuse.org"
}


@techreport{smath,
    author		= "Simorgh Group",
    title		= "SMath (Biginteger Library)",
    institution	= "Simorgh",
    type		= "", 
    number		= "",
    address	= "",
    year		= "2012",
    url			= "http://code.p-simorgh.com/p/SMath"
}